% Add citations in bibtex format

@article{ref:collider,
  author = {Maxim Perelstein},
  title = {Introduction to Collider Physics},
  journal = {TASI Proceedings},
  year = {2009},
}

@book{ref:condmat,
  author = {A. A. Abrikosov, L. P. Gor'kov, I. E. Dzyaloshinski},
  title = {Methods of Quantum Field Theory in Statistical Physics},
  year = {1963},
  publisher={Prentice-Hall, New Jersey}
}
