
@article{Code:ModGramSchmidt,
    author  = "Persson, Per-Olof",
    title   = "Gram-Schmidt Orthogonalization",
    year    = "2006",
    month   = "Sep",
    url     = "https://ocw.mit.edu/courses/mathematics/18-335j-introduction-to-numerical-methods-fall-2010/lecture-notes/MIT18_335JF10_lec10a_hand.pdf",
}

@Article{ref:2d,
    author  = "Anand, Nikhil and Genest, Vincent X. and Katz, Emanuel 
               and Khandker, Zuhair U. and Walters, Matthew T.",
    title   = "RG flow from $\phi^4$ theory to the 2D Ising model",
    journal = "Journal of High Energy Physics",
    year    = "2017",
    month   = "Aug",
    day     = "16",
    volume  = "2017",
    number  = "8",
    pages   = "56",
    issn    = "1029-8479",
    doi     = "10.1007/JHEP08(2017)056",
    url     = "https://doi.org/10.1007/JHEP08(2017)056"
}

@Article{ref:matt3d,
    author  = "Katz, Emanuel and Khandker, Zuhair U. and Walters, Matthew T.",
    title   = "A conformal truncation framework for infinite-volume dynamics",
    journal = "Journal of High Energy Physics",
    year    = "2016",
    month   = "Jul",
    day     = "28",
    volume  = "2016",
    number  = "7",
    pages   = "140",
    issn    = "1029-8479",
    doi     = "10.1007/JHEP07(2016)140",
    url     = "https://doi.org/10.1007/JHEP07(2016)140"
}

@article{ref:zamotrunc,
    author  = {YUROV, V. P. and ZAMOLODCHIKOV, AL. B.},
    title   = {TRUNCATED COMFORMAL SPACE APPROACH TO SCALING LEE-YANG MODEL},
    journal = {International Journal of Modern Physics A},
    volume  = {05},
    number  = {16},
    pages   = {3221-3245},
    year    = {1990},
    doi     = {10.1142/S0217751X9000218X},

    URL = {https://www.worldscientific.com/doi/abs/10.1142/S0217751X9000218X},
    eprint = {https://www.worldscientific.com/doi/pdf/10.1142/S0217751X9000218X}
}

@ARTICLE{ref:truncation,
   author = {{Lee}, D. and {Salwen}, N. and {Lee}, D.},
    title = "{The diagonalization of quantum field Hamiltonians}",
  journal = {Physics Letters B},
     year = 2001,
    month = mar,
   volume = 503,
    pages = {223-235},
      doi = {10.1016/S0370-2693(01)00197-6},
   adsurl = {http://adsabs.harvard.edu/abs/2001PhLB..503..223L},
  adsnote = {Provided by the SAO/NASA Astrophysics Data System}
}

@ARTICLE{ref:lattice,
    author      = {{Bazavov}, A. and {Toussaint}, D. and {Bernard}, C. and 
                    {Laiho}, J. and {Detar}, C. and {Levkova}, L. and 
                    {Oktay}, M.~B. and {Gottlieb}, S. and {Heller}, U.~M. and 
                    {Hetrick}, J.~E. and {MacKenzie}, P.~B. and {Sugar}, R. and 
                    {van de Water}, R.~S.},
    title       = "{Nonperturbative QCD simulations with 2+1 flavors of improved 
                    staggered quarks}",
    journal     = {Reviews of Modern Physics},
    keywords    = {Lattice QCD calculations, Lattice gauge theory},
    year        = 2010,
    month       = apr,
    volume      = 82,
    pages       = {1349-1417},
    doi         = {10.1103/RevModPhys.82.1349},
}

@book{ref:peskin,
	author         = "Peskin, Michael and Schroeder, Daniel",
	title          = "{An Introduction to Quantum Field Theory}",
	publisher      = "Westview Press",
	year           = "1995",
}
